<record><leader>00000cas a22000007a 4500</leader><controlfield tag="001">1762407</controlfield><controlfield tag="008">751101d18971940mnuwr ne      0    0eng d</controlfield><datafield ind1=" " ind2=" " tag="010"><subfield code="a">sn 89081136 </subfield></datafield><datafield ind1=" " ind2=" " tag="040"><subfield code="a">MUL</subfield><subfield code="b">eng</subfield><subfield code="c">MUL</subfield><subfield code="d">MN#</subfield><subfield code="d">OCLCQ</subfield><subfield code="d">OCLCF</subfield><subfield code="d">OCLCO</subfield></datafield><datafield ind1=" " ind2=" " tag="042"><subfield code="a">msc</subfield></datafield><datafield ind1=" " ind2=" " tag="043"><subfield code="a">n-us-mn</subfield></datafield><datafield ind1=" " ind2=" " tag="052"><subfield code="a">4144</subfield><subfield code="b">P44</subfield></datafield><datafield ind1=" " ind2=" " tag="052"><subfield code="a">4143</subfield><subfield code="b">P4</subfield></datafield><datafield ind1="0" ind2="4" tag="245"><subfield code="a">The pine poker.</subfield></datafield><datafield ind1=" " ind2=" " tag="260"><subfield code="a">Pine City, Pine County, Minn. :</subfield><subfield code="b">W.R. Simonton,</subfield><subfield code="c">-1940.</subfield></datafield><datafield ind1=" " ind2=" " tag="300"><subfield code="a">v.</subfield></datafield><datafield ind1=" " ind2=" " tag="310"><subfield code="a">Weekly</subfield></datafield><datafield ind1="1" ind2=" " tag="362"><subfield code="a">Began Sept. 23, 1897.</subfield></datafield><datafield ind1="0" ind2=" " tag="362"><subfield code="a">-v. 42, no. 21 (Jan. 25, 1940).</subfield></datafield><datafield ind1=" " ind2=" " tag="530"><subfield code="a">Available on microfilm from the Minnesota Historical Society.</subfield></datafield><datafield ind1=" " ind2=" " tag="588"><subfield code="a">Description based on: Vol. 2, no. 16 (Jan. 5, 1899).</subfield></datafield><datafield ind1=" " ind2="0" tag="651"><subfield code="a">Pine City (Minn.)</subfield><subfield code="v">Newspapers.</subfield></datafield><datafield ind1=" " ind2="7" tag="655"><subfield code="a">Newspapers.</subfield><subfield code="2">fast</subfield><subfield code="0">(OCoLC)fst01423814</subfield></datafield><datafield ind1=" " ind2="7" tag="651"><subfield code="a">Minnesota</subfield><subfield code="z">Pine City.</subfield><subfield code="2">fast</subfield><subfield code="0">(OCoLC)fst01299758</subfield></datafield><datafield ind1=" " ind2=" " tag="752"><subfield code="a">United States</subfield><subfield code="b">Minnesota</subfield><subfield code="c">Pine</subfield><subfield code="d">Pine City.</subfield></datafield><datafield ind1="0" ind2="7" tag="785"><subfield code="t">Pine County pioneer</subfield><subfield code="w">(DLC)sn 89064922</subfield></datafield><datafield ind1="0" ind2="7" tag="785"><subfield code="t">Pine poker-pioneer</subfield><subfield code="w">(DLC)sn 89064923</subfield></datafield></record>